<record><leader>00000cas a22000007a 4500</leader><controlfield tag="001">12273250</controlfield><controlfield tag="008">850717d18591861txuwr ne      0   a0eng d</controlfield><datafield ind1=" " ind2=" " tag="010"><subfield code="a">sn 86071471 </subfield></datafield><datafield ind1=" " ind2=" " tag="040"><subfield code="a">SAU</subfield><subfield code="b">eng</subfield><subfield code="c">SAU</subfield><subfield code="d">DLC</subfield><subfield code="d">PPM</subfield><subfield code="d">DLC</subfield><subfield code="d">OCL</subfield><subfield code="d">OCLCQ</subfield><subfield code="d">OCLCF</subfield><subfield code="d">OCLCO</subfield><subfield code="d">CUS</subfield><subfield code="d">OCLCA</subfield></datafield><datafield ind1=" " ind2=" " tag="042"><subfield code="a">msc</subfield></datafield><datafield ind1=" " ind2=" " tag="043"><subfield code="a">n-us-tx</subfield></datafield><datafield ind1="0" ind2="0" tag="050"><subfield code="a">Newspaper</subfield></datafield><datafield ind1="1" ind2="4" tag="050"><subfield code="a">AN</subfield></datafield><datafield ind1="0" ind2="4" tag="245"><subfield code="a">The San Antonio ledger and Texan.</subfield></datafield><datafield ind1="1" ind2="3" tag="246"><subfield code="a">San Antonio ledger</subfield></datafield><datafield ind1="1" ind2="3" tag="246"><subfield code="a">Weekly ledger and Texan</subfield></datafield><datafield ind1=" " ind2=" " tag="260"><subfield code="a">San Antonio [Tex.] :</subfield><subfield code="b">MacLeod, Taylor &amp; Teel,</subfield><subfield code="c">1859-</subfield></datafield><datafield ind1=" " ind2=" " tag="300"><subfield code="a">v. :</subfield><subfield code="b">ill. (chiefly advertisements) ;</subfield><subfield code="c">61 cm.</subfield></datafield><datafield ind1=" " ind2=" " tag="310"><subfield code="a">Weekly</subfield></datafield><datafield ind1="0" ind2=" " tag="362"><subfield code="a">Vol. 9, no. 11 (Sept. 10, 1859)-</subfield></datafield><datafield ind1="1" ind2=" " tag="362"><subfield code="a">Ceased in 1861.</subfield></datafield><datafield ind1=" " ind2=" " tag="500"><subfield code="a">Sometimes published as: Weekly ledger and Texan, Dec. 8-Dec. 14, 1860; Mar. 16-Apr. 6, 1861; Aug. 17-Aug. 31, 1861.</subfield></datafield><datafield ind1=" " ind2="0" tag="651"><subfield code="a">Texas</subfield><subfield code="v">Periodicals.</subfield></datafield><datafield ind1=" " ind2="7" tag="651"><subfield code="a">Texas.</subfield><subfield code="2">fast</subfield><subfield code="0">(OCoLC)fst01210336</subfield></datafield><datafield ind1=" " ind2="7" tag="655"><subfield code="a">Periodicals.</subfield><subfield code="2">fast</subfield><subfield code="0">(OCoLC)fst01411641</subfield></datafield><datafield ind1=" " ind2=" " tag="752"><subfield code="a">United States</subfield><subfield code="b">Texas</subfield><subfield code="c">Bexar</subfield><subfield code="d">San Antonio.</subfield></datafield><datafield ind1="0" ind2=" " tag="775"><subfield code="t">Daily ledger and Texan</subfield><subfield code="w">(DLC)sn 86090284</subfield></datafield><datafield ind1="0" ind2="4" tag="780"><subfield code="t">San Antonio ledger</subfield><subfield code="w">(DLC)sn 83025736</subfield><subfield code="w">(OCoLC)9788034</subfield></datafield><datafield ind1="0" ind2="4" tag="780"><subfield code="t">San Antonio Texan</subfield><subfield code="w">(OCoLC)14341673</subfield></datafield><datafield ind1="0" ind2="0" tag="785"><subfield code="t">Semi-weekly news (San Antonio, Tex. : 1861)</subfield><subfield code="w">(DLC)sn 86089549</subfield></datafield><datafield ind1="4" ind2="1" tag="856"><subfield code="3">09/10/1859 to 12/29/1860</subfield><subfield code="u">http://infoweb.newsbank.com/?db=EANX&amp;s_browseRef=decades/10F1A03784F1D2C8/all.xml</subfield></datafield><datafield ind1="1" ind2=" " tag="029"><subfield code="a">AU@</subfield><subfield code="b">000026226017</subfield></datafield></record>